@thesis{THESIS:TriCore,
    title = {Design and Implementation of a TriCore Backend for the LLVM Compiler Framework},
    author= {Erhardt, Christoph},
    type={Studienarbeit},
    year = {2009},
    month = {9},
    school = {Friedrich-Alexander-Universität},
    address = {Erlangen-Nürnberg},
}

@thesis{THESIS:MLton,
    title = {An LLVM Back-end for MLton},
    author= {Leibig, Brian Andrew},
    type={Project Report},
    year = {2013},
    month = {8},
    school = {Rochester Institute of Technology},
    address = {Rochester},
}

@thesis{THESIS:ReISC,
    title = {LLVM Backend Development for ReISC Architecture},
    author= {Gupta, Pooja},
    type={Master Thesis},
    year = {2015},
    month = {7},
    school = {Indraprastha Institute of Information Technology},
    address = {New Delhi},
}

@thesis{THESIS:REPLICA,
    title = {An LLVM Back-end for REPLICA Code Generation for a Multi-core VLIW Processor with Chaining},
    author= {Åkesson, Daniel},
    type={Master Thesis},
    year = {2012},
    month = {5},
    school = {Linköping University},
    address = {Linköping},
}

@thesis{THESIS:Bigloo,
    title = {Adding an LLVM Backend to Bigloo Scheme},
    author= {Brockman, Mikael},
    type={Master Thesis},
    year = {2013},
    month = {3},
    school = {University of Gothenburg},
    address = {Göteborg},
}

@thesis{THESIS:Custom,
    title = {The Design of a Custom 32-bit RISC CPU and LLVM Compiler Backend},
    author= {Goldberg, Connor Jan},
    type={Master Thesis},
    year = {2017},
    month = {8},
    school = {Rochester Institute of Technology},
    address = {Rochester},
}

@thesis{THESIS:SIMD,
    title = {LLVM Code Generation For a Wide SIMD Architecture With Automatic Bypassing},
    author= {Zhenyuan, Liu},
    type={Master Thesis},
    year = {2017},
    month = {7},
    school = {Eindhoven University of Technology},
    address = {Eindhoven},
}

@thesis{THESIS:vex,
    title = {LLVM-based $\rho$-VEX compiler},
    author= {Daverveldt, Maurice},
    type={Master Thesis},
    year = {2014},
    month = {6},
    school = {Delft University of Technology},
    address = {Delft},
}

@booklet{BOOKLET:Cormack,
    author = {Cormack, Fraser and Saulais, Pierre-André},
    title = {Building an LLVM Backend},
    howpublished= {Vorgetragen auf The eighth meeting of LLVM Developers and Users},
    address = {San Jose},
    year = {2014},
    month = {10},
}

@book{BOOK:cook,
  author    = {Warren, Carl d.},
  title     = {The MC6809 cookbook},
  publisher = {TAB BOOKS Inc.},
  year      = 1980,
  isbn      = {0-8306-9683-0}
}

@misc{MISC:sbs,
    author = {Bradbury, Alex},
    title = {A step-by-step guide to the RISC-V LLVM backend},
    year = {2017},
    publisher = {GitHub},
    journal = {GitHub repository},
    howpublished = {\url{https://github.com/lowRISC/riscv-llvm/blob/master/docs/01-intro-and-building-llvm.mkd}},
    note         = {commit 3a81c43}
}

@misc{MISC:tut,
    author = {Chung-Shu, Chen},
    title = {Tutorial: Creating an LLVM Backend for the Cpu0 Architecture},
    year = {2018},
    month = {5},
    howpublished = {\url{http://jonathan2251.github.io/lbd/TutorialLLVMBackendCpu0.pdf}},
    note         = {Release 3.9.1}
}

@misc{MISC:m6502,
    author = {beholdnec},
    title = {Experimental LLVM backend for MOS 6502 family processors},
    year = {2018},
    publisher = {GitHub},
    journal = {GitHub repository},
    howpublished = {\url{https://github.com/beholdnec/llvm-m6502}},
    note         = {commit baf0a95}
}

@misc{MISC:m680X0,
    author = {M68K LLVM Port Project},
    title = {M68K LLVM Port},
    year = {2018},
    publisher = {GitHub},
    journal = {GitHub repository},
    howpublished = {\url{https://github.com/M680x0/M680x0-llvm}},
    note         = {commit e6651fa}
}




@online{URL:opt,
    Author      = {Regehr, John},
    Title       = {How LLVM Optimizes a Function},
    url         = {https://blog.regehr.org/archives/1603},
    urldate     = {2018-11-01}
}

@online{URL:LLVM,
    Author      = {LLVM},
    Title       = {The LLVM Compiler Infrastructure},
    url         = {https://llvm.org/},
    urldate     = {2018-11-02}
}

@online{URL:Clang,
    Author      = {Clang},
    Title       = {A C language family frontend for LLVM},
    url         = {https://clang.llvm.org/},
    urldate     = {2018-10-25}
}

@online{URL:TableGen,
    Author      = {LLVM},
    Title       = {TableGen},
    url         = {http://llvm.org/docs/TableGen/index.html},
    urldate     = {2018-10-29}
}

@online{URL:CodeGen,
    Author      = {LLVM},
    Title       = {The LLVM Target-Independent Code Generator},
    url         = {http://llvm.org/docs/CodeGenerator.html},
    urldate     = {2018-10-20}
}

@online{URL:Cmake,
    Author      = {LLVM},
    Title       = {Building LLVM with CMake},
    url         = {http://llvm.org/docs/CMake.html},
    urldate     = {2018-11-01}
}

@online{URL:Backend,
    Author      = {LLVM},
    Title       = {Writing an LLVM Backend},
    url         = {http://llvm.org/docs/WritingAnLLVMBackend.html},
    urldate     = {2018-11-01}
}

@online{URL:Vectrex,
    Author      = {Hall, John},
    Title       = {Vectrex Programmer's Guide},
    url         = {https://roadsidethoughts.com/vectrex/vectrex-programmers-guide.htm},
    urldate     = {2018-11-01}
}

@manual{MANUAL:mot,
    Author        = {Motorola Inc},
    organization  = {Motorola},
    title         = {MC6809-MC6809E Microprocessor Programming Manual},
    number        = {M6809PM},
    year          = {1981},
    month         = {3},
}

@article{ARTICLE:joh,
  author  = {Johannsen, Peer and Zundel, Sophia},
  title   = {Retro Programming},
  journal = {Konturen Zeitschrift der Hochschule Pforzheim},
  year    = {2016},
  number  = {34},
  ISSN    = {1867-674X},
  pages   = {117-121},
}
